<?xml version="1.0" encoding="UTF-8"?><collection xmlns="http://www.loc.gov/MARC21/slim"><record><leader>00399nam--2200133-i-4500</leader><controlfield tag="001">000001169</controlfield><controlfield tag="002">20161230</controlfield><controlfield tag="005">20161230201024</controlfield><controlfield tag="008">060222s1000------------r-----000-0-eng-d</controlfield><datafield ind1=" " ind2=" " tag="080"><subfield code="a">621.039.519</subfield></datafield><datafield ind1=" " ind2=" " tag="100"><subfield code="a">Hendrickson,Richard Allan</subfield></datafield><datafield ind1=" " ind2=" " tag="245"><subfield code="a">Cross-spectral density measurements in a coupled-core reactor.thesis</subfield></datafield><datafield ind1=" " ind2=" " tag="260"><subfield code="a">Ann Arbor, University Microfilms, Inc., 1966. Iii + 75 P</subfield></datafield><datafield ind1=" " ind2=" " tag="852"><subfield code="a">29941</subfield></datafield></record></collection>